<?xml version="1.0" encoding="UTF-8"?><record xmlns="http://www.loc.gov/MARC21/slim" xmlns:cinclude="http://apache.org/cocoon/include/1.0" xmlns:zs="http://www.loc.gov/zing/srw/">
  <leader>00455cz  a2200133n  4500</leader>
  <controlfield tag="001">n  86094765 </controlfield>
  <controlfield tag="003">DLC</controlfield>
  <controlfield tag="005">20080412075339.0</controlfield>
  <controlfield tag="008">870407n| acannaabn          |n aaa      </controlfield>
  <datafield tag="010" ind1=" " ind2=" ">
    <subfield code="a">n  86094765 </subfield>
  </datafield>
  <datafield tag="035" ind1=" " ind2=" ">
    <subfield code="a">(OCoLC)oca01827363</subfield>
  </datafield>
  <datafield tag="040" ind1=" " ind2=" ">
    <subfield code="a">DLC</subfield>
    <subfield code="b">eng</subfield>
    <subfield code="c">DLC</subfield>
    <subfield code="d">DLC</subfield>
    <subfield code="d">OCoLC</subfield>
  </datafield>
  <datafield tag="100" ind1="1" ind2=" ">
    <subfield code="a">Godun, Alicja</subfield>
  </datafield>
  <datafield tag="670" ind1=" " ind2=" ">
    <subfield code="a">Ogo휍혖lnopolska Wystawa Malarstwa i Grafiki (1st : 1986 : Warsaw, Poland). I Ogo휍혖lnopolska Wystawa Malarstwa i Grafiki ... 1986:</subfield>
    <subfield code="b">colophon (Alicja Godun)</subfield>
  </datafield>
</record>